@article{guo2024lightrag,
  title={Lightrag: Simple and fast retrieval-augmented generation},
  author={Guo, Zirui and Xia, Lianghao and Yu, Yanhua and Ao, Tu and Huang, Chao},
  journal={arXiv preprint arXiv:2410.05779},
  year={2024}
}

@article{qian2024memorag,
  title={Memorag: Moving towards next-gen rag via memory-inspired knowledge discovery},
  author={Qian, Hongjin and Zhang, Peitian and Liu, Zheng and Mao, Kelong and Dou, Zhicheng},
  journal={arXiv preprint arXiv:2409.05591},
  volume={1},
  year={2024}
}

@inproceedings{gao2023precise,
  title={Precise zero-shot dense retrieval without relevance labels},
  author={Gao, Luyu and Ma, Xueguang and Lin, Jimmy and Callan, Jamie},
  booktitle={Proceedings of the 61st Annual Meeting of the Association for Computational Linguistics (Volume 1: Long Papers)},
  pages={1762--1777},
  year={2023}
}